
@book{carl_edward_rasmussen_gaussian_2006,
	title = {Gaussian {Processes} for {Machine} {Learning}},
	isbn = {0-262-18253-X},
	language = {English},
	publisher = {MIT Press},
	author = {{Carl Edward Rasmussen} and {Christopher K.I. Williams}},
	year = {2006},
	file = {Gaussian Processes for Machine Learning.pdf:C\:\\Users\\EvanD\\OneDrive\\Documents\\MIS Thesis\\Papers and Textbooks\\Gaussian Processes for Machine Learning.pdf:application/pdf}
}

@misc{choong-seock_chang_et_al_partnership_2017,
	title = {Partnership {Center} for {High}-{Fidelity} {Boundary} {Plasma} {Simulation} {Project} {Proposal}},
	language = {English},
	publisher = {Princeton},
	author = {{Choong-Seock Chang et al}},
	year = {2017}
}

@book{J_Friedberg:1,
	address = {New York},
	edition = {1st},
	title = {Plasma {Physics} and {Fusion} {Energy}},
	isbn = {978-0-511-27375-9},
	language = {English},
	publisher = {Cambridge University Press},
	author = {{Jeffrey P. Friedberg}},
	year = {2007}
}

@article{m.a._chilenski_et_al_improved_2015,
	title = {Improved profile fitting and quantification of uncertainty in experimental measurements of impurity transport coefficients using {Gaussian} process regression},
	volume = {55},
	number = {023012},
	journal = {Nucl. Fusion},
	author = {{M.A. Chilenski et al}},
	year = {2015},
	pages = {21},
	file = {UQ_Impurity_Transport_Coefficients_GCR_Chilenski.pdf:C\:\\Users\\EvanD\\OneDrive\\Documents\\MIS Thesis\\Papers and Textbooks\\UQ_Impurity_Transport_Coefficients_GCR_Chilenski.pdf:application/pdf}
}

@techreport{benjamin_peherstorfer_survey_2016,
	title = {{SURVEY} {OF} {MULTIFIDELITY} {METHODS} {IN} {UNCERTAINTY} {PROPAGATION}, {INFERENCE}, {AND} {OPTIMIZATION}},
	url = {http://web.mit.edu/pehersto/www/preprints/multi-fidelity-survey-peherstorfer-willcox-gunzburger.pdf},
	institution = {MIT.edu},
	author = {{Benjamin Peherstorfer} and {Karen Willcox} and {Max Gunzburger}},
	month = jun,
	year = {2016},
	pages = {57},
	file = {multi-fidelity-survey-peherstorfer-willcox-gunzburger.pdf:C\:\\Users\\EvanD\\OneDrive\\Documents\\MIS Thesis\\Papers and Textbooks\\multi-fidelity-survey-peherstorfer-willcox-gunzburger.pdf:application/pdf}
}

@misc{iter_iter_2018,
	title = {{ITER} {Divertor} {Plates}},
	url = {https://www.iter.org/mach/divertor},
	author = {{ITER}},
	month = feb,
	year = {2018}
}

@misc{fusionwiki_scrape-off_nodate,
	title = {Scrape-{Off} {Layer}},
	url = {http://fusionwiki.ciemat.es/wiki/Scrape-Off_Layer},
	author = {{FusionWiki}}
}

@misc{fusionwiki_energy_nodate,
	title = {Energy {Confinement} {Time}},
	author = {{FusionWiki}}
}

@book{ralph_c._smith_uncertainty_2014,
	address = {Philadelphia},
	series = {Computational {Science} and {Engineering}},
	title = {Uncertainty {Quantification} - {Theory}, {Implementation}, and {Applications}},
	language = {English},
	publisher = {Society for Industrial and Applied Math},
	author = {{Ralph C. Smith}},
	year = {2014}
}

@article{Gyro_Petty,
	title = {Gyroradius {Scaling} of {Electron} and {Ion} {Transport}},
	volume = {74},
	number = {10},
	journal = {Physical Review Letters},
	author = {{C.C. Petty et al}},
	month = jun,
	year = {1995},
	pages = {4},
	file = {PhysRevLett.74.1763_Gyroradius_Scaling_of_Electrons_and_Ion_Transport.pdf:C\:\\Users\\EvanD\\OneDrive\\Documents\\MIS Thesis\\Papers and Textbooks\\PhysRevLett.74.1763_Gyroradius_Scaling_of_Electrons_and_Ion_Transport.pdf:application/pdf}
}
@article{Yas_Ido,
	title = {Plasma size and power scaling of ion temperature gradient driven turbulence},
	volume = {21},
	doi = {10.1063/1.4976120},
	number = {2},
	journal = {AIP Physics of Plasmas},
	author = {{Yasuhiro Idomura} and {Motoki Nakata}},
	month = feb,
	year = {2018},
	pages = {5},
	file = {1.4867379_Plasma_Size_Power_Scaling_ITG.pdf:C\:\\Users\\EvanD\\OneDrive\\Documents\\MIS Thesis\\Papers and Textbooks\\1.4867379_Plasma_Size_Power_Scaling_ITG.pdf:application/pdf}
}
@article{McKee_Et,
	title = {Non-dimensional scaling of turbulence characteristics and turbulence diffusivity},
	volume = {41},
	number = {9},
	journal = {Nuclear Fusion},
	author = {G.R. McKee et al},
	year = {2001},
}